@techreport{pew,
	title = {Pakistani {Public} {Opinion} {Ever} {More} {Critical} of {U}.{S}.},
	url = {http://www.pewglobal.org/files/2012/06/Pew-Global-Attitudes-Project-Pakistan-Report-FINAL-Wednesday-June-27-2012.pdf},
	institution = {Pew Research Center},
	author = {Kohut, Andrew},
	month = jun,
	year = {2012}
}

@techreport{terrorfree,
	title = {Public {Opinion} in {Pakistan}'s {Tribal} {Regions}},
	url = {http://www.terrorfreetomorrow.org/upimagestft/FATApoll1.pdf},
	institution = {New America Foundation; Terror Free Tomorrow},
	month = sep,
	year = {2010}
}

@book{cavallaro,
	address = {Stanford; New York},
	title = {Living {Under} {Drones}: {Death}, {Injury} and {Trauma} to {Civilians} from {US} {Drone} {Practices} in {Pakistan}},
	url = {https://law.stanford.edu/publications/living-under-drones-death-injury-and-trauma-to-civilians-from-us-drone-practices-in-pakistan/},
	publisher = {International Human Rights and Conflict Resolution Clinic (Stanford Law School); Global Justice Clinic (NYU School of Law)},
	author = {Cavallaro, James and Sonnenberg, Stephan and Knuckey, Sarah},
	month = sep,
	year = {2012}
}

@article{etzioni,
	title = {The {Great} {Drone} {Debate}},
	url = {http://usacac.army.mil/CAC2/MilitaryReview/Archives/English/MilitaryReview_20130430_art004.pdf},
	journal = {Military Review},
	author = {Etzioni, Amitai},
	month = apr,
	year = {2013}
}

@techreport{gill,
	address = {London},
	title = {The {Impact} of {Drone} {Attacks} on {Terrorism}: {The} {Case} of {Pakistan}},
	url = {http://remotecontrolproject.org/wp-content/uploads/2015/06/Paul_Gill_drones_terrorism_Pakistan.pdf},
	institution = {Remote Control Project},
	author = {Gill, Paul},
	month = jun,
	year = {2015}
}

@article{hafezhatfield,
author = { Mohammed   M.   Hafez  and  Joseph   M.   Hatfield },
title = {Do Targeted Assassinations Work? A Multivariate Analysis of Israel's Controversial Tactic during Al-Aqsa Uprising},
journal = {Studies in Conflict \& Terrorism},
volume = {29},
number = {4},
pages = {359-382},
year = {2006},
doi = {10.1080/10576100600641972},

URL = { 
        http://dx.doi.org/10.1080/10576100600641972
    
},
eprint = { 
        http://dx.doi.org/10.1080/10576100600641972
    
}

}

@article{jaeger,
	title = {Are {Drone} {Strikes} {Effective} in {Afghanistan} and {Pakistan}? {On} the {Dynamics} of {Violence} between the {United} {States} and the {Taliban}},
	url = {http://ftp.iza.org/dp6262.pdf},
	number = {6262},
	journal = {IZA Discussion Paper},
	author = {Jaeger, David A. and Siddique, Zahra},
	month = dec,
	year = {2011}
}

@article{johnston2012,
	title = {Does {Decapitation} {Work}? {Assessing} the {Effectiveness} of {Leadership} {Targeting} in {Counterinsurgency} {Campaigns}},
	volume = {36},
	doi = {10.1162/ISEC_a_00076},
	number = {4},
	journal = {International Security},
	author = {Johnston, Patrick B.},
	year = {2012},
	pages = {47--79}
}

@article{johnstonsarbahi,
	title = {The {Impact} of {US} {Drone} {Strikes} on {Terrorism} in {Pakistan}},
	volume = {0},
	doi = {10.1093/isq/sqv004},
	journal = {International Studies Quarterly},
	author = {Johnston, Patrick B. and Sarbahi, Anoop K.},
	year = {2016},
	pages = {1--17}
}

@article{jordan2014,
	title = {Attacking the {Leader}, {Missing} the {Mark}: {Why} {Terrorist} {Groups} {Survive} {Decapitation} {Strikes}},
	volume = {38},
	doi = {10.1162/ISEC_a_00157},
	number = {4},
	journal = {International Security},
	author = {Jordan, Jenna},
	year = {2014},
	pages = {7--38}
}

@article{khan,
	title = {{US} drone strike killings in {Pakistan} and {Yemen} 'unlawful'},
	url = {http://www.bbc.com/news/world-us-canada-24618701},
	journal = {BBC News},
	author = {Khan, Ilyas},
	month = oct,
	year = {2013}
}

@article{lafree,
	title = {The {Impact} of {British} {Counterterrorist} {Strategies} on {Political} {Violence} in {Northern} {Ireland}: {Comparing} {Deterrence} and {Backlash} {Models}},
	volume = {47},
	doi = {10.1111/j.1745-9125.2009.00138.x},
	number = {1},
	journal = {Criminology},
	author = {LaFree, Gary and Dugan, Laura and Korte, Raven},
	month = feb,
	year = {2009},
	pages = {17--45}
}

@article{long,
	title = {Whack-a-{Mole} or {Coup} de {Grace}? {Institutionalization} and {Leadership} {Targeting} in {Iraq} and {Afghanistan}},
	volume = {23},
	url = {http://dx.doi.org/10.1080/09636412.2014.935229},
	number = {3},
	journal = {Security Studies},
	author = {Long, Austin},
	year = {2014},
	pages = {471--512}
}

@unpublished{lyall,
	title = {Bombing to {Lose}? {Airpower} and the {Dynamics} of {Violence} in {Counterinsurgency} {Wars}},
	url = {http://dx.doi.org/10.2139/ssrn.2422170},
	author = {Lyall, Jason},
	month = aug,
	year = {2014}
}

@article{price,
	title = {Targeting {Top} {Terrorists}: {How} {Leadership} {Decapitation} {Contributes} to {Counterterrorism}},
	volume = {36},
	doi = {10.1162/ISEC_a_00075},
	number = {4},
	journal = {International Security},
	author = {Price, Bryan C.},
	year = {2012},
	pages = {9--46}
}